@inproceedings{BSW,
	author = {Davies, Donald W and Bartlett, Keith A and Scantlebury, Roger A and Wilkinson, Peter T},
	booktitle = {Proceedings of the first ACM symposium on Operating System Principles},
	pages = {2--1},
	title = {A digital communication network for computers giving rapid response at remote terminals},
	year = {1967}}

